
@book {hatcher,
    AUTHOR = {Hatcher, Allen},
     TITLE = {Algebraic topology},
 PUBLISHER = {Cambridge University Press, Cambridge},
      YEAR = {2002},
     PAGES = {xii+544},
     URL = {https://pi.math.cornell.edu/~hatcher/AT/AT.pdf}
}

@book {maclane:71,
  AUTHOR = {MacLane, Saunders},
  TITLE = {Categories for the Working Mathematician},
  PUBLISHER = {Springer-Verlag, New York},
  YEAR = {1971},
  NOTE = {Graduate Texts in Mathematics, Vol. 5},
  PAGEs = {ix+262}
}

@Book {gabriel-zisman,
AUTHOR = {Gabriel, Peter and Zisman, Michel},
TITLE = {Calculus of Fractions and Homotopy Theory},
PUBLISHER = {Springer-Verlag Berlin, New York},
year = {1967}
}
